@phdthesis{Dobler1998,
    address = {Duisburg},
    type = {Diplomarbeit},
    title = {Modellierung des dynamischen Zusammenwirkens der Einflußgrößen des Walzvorgangs auf die Endtoleranz in Hochgeschwindigkeits-Walzmaschinen}, school = {Universität Duisburg-Essen},
    author = {Dobler, Andreas},
    year = {1998},
    language = {de}
}

@article{MaukDobler1999,
    title = {Die Einflussgrößen des Walzvorganges und ihre Auswirkungen auf die Toleranzen der Endquerschnitte bei Stabstahl und Walzdraht},
    volume = {60},
    journal = {Der Kalibreur},
    author = {Mauk, P. J. and Dobler, A.},
    year = {1999},
    pages = {21–36},
    language = {de}
}

@phdthesis{Nikkilä1977,
    type = {PhD Thesis},
    title = {On the Effects of Front and Back Tensions on Wire Rod Rolling},
    school = {Helsinki University of Technology},
    author = {Nikkilä, Kalevi},
    year = {1977}
}

@phdthesis{Treis1968,
    type = {PhD Thesis},
    title = {Ermittlung der Formänderungsverhältnisse beim Warmwalzen auf der Flachbahn ohne und mit äusserem Langszug},
    school = {RWTH Aachen},
    author = {Treis, H.},
    year = {1968},
    language = {de}
}
